<?xml version='1.0' encoding='utf-8'?>
<record xmlns="http://www.loc.gov/MARC21/slim" xmlns:xsi="http://www.w3.org/2001/XMLSchema-instance" xsi:schemaLocation="http://www.loc.gov/MARC21/slim http://www.loc.gov/standards/marcxml/schema/MARC21slim.xsd">
  <leader>00000npca 2200433za 4500</leader>
  <controlfield tag="005">20140124105351.0</controlfield>
  <controlfield tag="007">hd bfu   bcap</controlfield>
  <controlfield tag="007">hd afu   bacp</controlfield>
  <controlfield tag="007">hd bfu---babp</controlfield>
  <controlfield tag="008">950907i18371857miu     a           eng d</controlfield>
  <datafield tag="035" ind1=" " ind2=" ">
    <subfield code="a">(OCoLC)ocm34422640</subfield>
  </datafield>
  <datafield tag="040" ind1=" " ind2=" ">
    <subfield code="a">MiU-H</subfield>
    <subfield code="c">MiU-H</subfield>
    <subfield code="e">appm</subfield>
  </datafield>
  <datafield tag="100" ind1="1" ind2=" ">
    <subfield code="a">Smith, George Nelson,</subfield>
    <subfield code="d">1807-1881.</subfield>
  </datafield>
  <datafield tag="245" ind1="1" ind2="0">
    <subfield code="a">George Nelson Smith papers,</subfield>
    <subfield code="f">1837-1857 (scattered)</subfield>
    <subfield code="h">[microform].</subfield>
  </datafield>
  <datafield tag="300" ind1=" " ind2=" ">
    <subfield code="a">1 microfilm reel (part) :</subfield>
    <subfield code="b">positive.</subfield>
  </datafield>
  <datafield tag="300" ind1=" " ind2=" ">
    <subfield code="a">1 microfilm reel (part) :</subfield>
    <subfield code="b">master negative.</subfield>
  </datafield>
  <datafield tag="300" ind1=" " ind2=" ">
    <subfield code="a">1 microfilm reel (part) :</subfield>
    <subfield code="b">print master.</subfield>
  </datafield>
  <datafield tag="300" ind1=" " ind2=" ">
    <subfield code="a">1.9 GB (online)</subfield>
  </datafield>
  <datafield tag="545" ind1="0" ind2=" ">
    <subfield code="a">Pioneer Congregational minister in Kalamazoo County, Michigan, and missionary to the Indians.</subfield>
  </datafield>
  <datafield tag="520" ind1="2" ind2=" ">
    <subfield code="a">Diaries, 1842-1845, 1849, and 1857, commenting on missionary activities and family affairs; diary containing constitution and minutes, 1837-1841, of the Michigan Association of Congregational Churches; and miscellaneous correspondence and papers.</subfield>
  </datafield>
  <datafield tag="500" ind1=" " ind2=" ">
    <subfield code="a">Donor: 1608, 4507, 4572</subfield>
  </datafield>
  <datafield tag="530" ind1=" " ind2=" ">
    <subfield code="a">Originals available.</subfield>
  </datafield>
  <datafield tag="600" ind1="1" ind2="0">
    <subfield code="a">Smith, George Nelson,</subfield>
    <subfield code="d">1807-1881.</subfield>
  </datafield>
  <datafield tag="655" ind1=" " ind2="7">
    <subfield code="a">Diaries.</subfield>
    <subfield code="2">aat</subfield>
  </datafield>
  <datafield tag="650" ind1=" " ind2="0">
    <subfield code="a">Clergy</subfield>
    <subfield code="z">Michigan</subfield>
    <subfield code="z">Kalamazoo County.</subfield>
  </datafield>
  <datafield tag="610" ind1="2" ind2="0">
    <subfield code="a">General Association of the Congregational Churches of Michigan.</subfield>
  </datafield>
  <datafield tag="650" ind1=" " ind2="0">
    <subfield code="a">Congregational churches</subfield>
    <subfield code="x">Missions</subfield>
    <subfield code="z">Michigan.</subfield>
  </datafield>
  <datafield tag="650" ind1=" " ind2="0">
    <subfield code="a">Congregational churches</subfield>
    <subfield code="z">Michigan.</subfield>
  </datafield>
  <datafield tag="650" ind1=" " ind2="0">
    <subfield code="a">Indians of North America</subfield>
    <subfield code="x">Missions</subfield>
    <subfield code="z">Michigan.</subfield>
  </datafield>
  <datafield tag="650" ind1=" " ind2="0">
    <subfield code="a">Indians of North America</subfield>
    <subfield code="z">Michigan.</subfield>
  </datafield>
  <datafield tag="651" ind1=" " ind2="0">
    <subfield code="a">Kalamazoo County (Mich.)</subfield>
  </datafield>
  <datafield tag="650" ind1=" " ind2="0">
    <subfield code="a">Missionaries</subfield>
    <subfield code="z">Michigan</subfield>
    <subfield code="z">Kalamazoo County.</subfield>
  </datafield>
  <datafield tag="776" ind1="0" ind2=" ">
    <subfield code="a">Smith, George Nelson.</subfield>
    <subfield code="7">p1bc</subfield>
    <subfield code="t">George Nelson Smith papers.</subfield>
    <subfield code="w">(CStRLIN)MIUV86-a62</subfield>
  </datafield>
  <datafield tag="852" ind1=" " ind2=" ">
    <subfield code="b">Bentley Historical Library,</subfield>
    <subfield code="a">University of Michigan,</subfield>
    <subfield code="e">Ann Arbor, Michigan 48109-2113</subfield>
  </datafield>
  <datafield tag="856" ind1="4" ind2="2">
    <subfield code="3">Digitized microfilm:</subfield>
    <subfield code="u">http://deepblue.lib.umich.edu/handle/2027.42/99584</subfield>
  </datafield>
  <datafield tag="997" ind1=" " ind2=" ">
    <subfield code="a">MARS</subfield>
  </datafield>
  <datafield tag="998" ind1=" " ind2=" ">
    <subfield code="c">TEP</subfield>
  </datafield>
</record>
